<?xml version="1.0" encoding="UTF-8"?><record xmlns="http://www.loc.gov/MARC21/slim" xmlns:cinclude="http://apache.org/cocoon/include/1.0" xmlns:zs="http://www.loc.gov/zing/srw/">
  <leader>00506nz  a2200145n  4500</leader>
  <controlfield tag="001">no2012117391</controlfield>
  <controlfield tag="003">DLC</controlfield>
  <controlfield tag="005">20120901075626.0</controlfield>
  <controlfield tag="008">120830n| acannaabn          |n aaa     c</controlfield>
  <datafield tag="010" ind1=" " ind2=" ">
    <subfield code="a">no2012117391</subfield>
  </datafield>
  <datafield tag="035" ind1=" " ind2=" ">
    <subfield code="a">(OCoLC)oca09290466</subfield>
  </datafield>
  <datafield tag="040" ind1=" " ind2=" ">
    <subfield code="a">ABAU-M</subfield>
    <subfield code="b">eng</subfield>
    <subfield code="c">ABAU-M</subfield>
  </datafield>
  <datafield tag="100" ind1="1" ind2=" ">
    <subfield code="a">Mistichelli, Domenico,</subfield>
    <subfield code="d">1675-1715</subfield>
  </datafield>
  <datafield tag="670" ind1=" " ind2=" ">
    <subfield code="a">Hooke, Robert. Philosophical experiments and observations, 1726:</subfield>
    <subfield code="b">p. 361 (Dottor Domenico Mistichelli da Fermo)</subfield>
  </datafield>
  <datafield tag="670" ind1=" " ind2=" ">
    <subfield code="a">OCLC, Aug. 30, 2012:</subfield>
    <subfield code="b">(hdg.: Mistichelli, Domenico, 1675-1715)</subfield>
  </datafield>
</record>